<record><leader>00000cas a22000007a 4500</leader><controlfield tag="001">15049956</controlfield><controlfield tag="008">870109d18931922msuwr ne      0   a0eng d</controlfield><datafield ind1=" " ind2=" " tag="010"><subfield code="a">sn 87065028 </subfield></datafield><datafield ind1=" " ind2=" " tag="040"><subfield code="a">MJA</subfield><subfield code="b">eng</subfield><subfield code="c">MJA</subfield><subfield code="d">MSJ</subfield><subfield code="d">OCLCQ</subfield><subfield code="d">DLC</subfield><subfield code="d">OCLCF</subfield></datafield><datafield ind1="0" ind2=" " tag="022"><subfield code="a">2469-3626</subfield><subfield code="2">1</subfield></datafield><datafield ind1=" " ind2=" " tag="042"><subfield code="a">msc</subfield><subfield code="a">nsdp</subfield></datafield><datafield ind1=" " ind2=" " tag="043"><subfield code="a">n-us-ms</subfield></datafield><datafield ind1="0" ind2="0" tag="050"><subfield code="a">Newspaper</subfield></datafield><datafield ind1="1" ind2="0" tag="082"><subfield code="a">071</subfield><subfield code="2">23</subfield></datafield><datafield ind1=" " ind2="4" tag="222"><subfield code="a">The Columbus commercial</subfield><subfield code="b">(Print)</subfield></datafield><datafield ind1="0" ind2="4" tag="245"><subfield code="a">The Columbus commercial.</subfield></datafield><datafield ind1="1" ind2="3" tag="246"><subfield code="a">Weekly commercial</subfield></datafield><datafield ind1=" " ind2=" " tag="260"><subfield code="a">Columbus, Miss. :</subfield><subfield code="b">J.T. Senter</subfield></datafield><datafield ind1=" " ind2=" " tag="310"><subfield code="a">Weekly</subfield></datafield><datafield ind1=" " ind2=" " tag="321"><subfield code="a">Semiweekly</subfield></datafield><datafield ind1="1" ind2=" " tag="362"><subfield code="a">Began in 1893; ceased in Mar. 1922.</subfield></datafield><datafield ind1=" " ind2=" " tag="500"><subfield code="a">Published as: Weekly commercial &lt;Nov. 17, 1903-Nov. 29, 1904&gt;.</subfield></datafield><datafield ind1=" " ind2=" " tag="530"><subfield code="a">Archived issues are available in digital format from the Library of Congress Chronicling America online collection.</subfield></datafield><datafield ind1=" " ind2=" " tag="588"><subfield code="a">Description based on: Vol. 7, no. 34 (Jun. 3, 1902).</subfield></datafield><datafield ind1=" " ind2="0" tag="651"><subfield code="a">Columbus (Miss.)</subfield><subfield code="v">Newspapers.</subfield></datafield><datafield ind1=" " ind2="7" tag="655"><subfield code="a">Newspapers.</subfield><subfield code="2">fast</subfield><subfield code="0">(OCoLC)fst01423814</subfield></datafield><datafield ind1=" " ind2="7" tag="651"><subfield code="a">Mississippi</subfield><subfield code="z">Columbus.</subfield><subfield code="2">fast</subfield><subfield code="0">(OCoLC)fst01210803</subfield></datafield><datafield ind1=" " ind2=" " tag="752"><subfield code="a">United States</subfield><subfield code="b">Mississippi</subfield><subfield code="c">Lowndes</subfield><subfield code="d">Columbus.</subfield></datafield><datafield ind1="0" ind2="8" tag="776"><subfield code="i">Online version:</subfield><subfield code="t">Columbus commercial</subfield><subfield code="x">2469-3634</subfield><subfield code="w">(DLC)  2015270581</subfield><subfield code="w">(OCoLC)918942338</subfield></datafield><datafield ind1="0" ind2="0" tag="780"><subfield code="t">Columbus index</subfield></datafield><datafield ind1="0" ind2="7" tag="785"><subfield code="t">Columbus dispatch (Columbus, Miss. : 1919)</subfield><subfield code="w">(OCoLC)15050737</subfield></datafield><datafield ind1="0" ind2="7" tag="785"><subfield code="t">Commercial dispatch</subfield></datafield><datafield ind1="4" ind2="1" tag="856"><subfield code="u">http://www.loc.gov/chroniclingamerica/lccn/sn87065028/issues</subfield></datafield></record>